@book{Miller,
   title =     {Simultaneous Statistical Inference},
   author =    {Rupert G. Miller Jr. (auth.)},
   publisher = {Springer-Verlag New York},
   isbn =      {978-1-4613-8124-2,978-1-4613-8122-8},
   year =      {1981},
   series =    {Springer Series in Statistics},
   edition =   {2},
   volume =    {},
   url =       {http://gen.lib.rus.ec/book/index.php?md5=9759b3b6067b0bf2a2cb889683217dcb}
}

@article{BH,
 doi       = {10.2307/2346101},
 title     = {Controlling the False Discovery Rate: A Practical and Powerful Approach to Multiple Testing},
 author    = {Yoav Benjamini and Yosef Hochberg},
 publisher = {Blackwell Publishing},
 journal   = {Journal of the Royal Statistical Society Series B (Methodological)},
 issn      = {0035-9246},
 year      = {1995},
 volume    = {57},
 issue     = {1},
 pages     = {289--300},
 url       = {http://doi.org/10.2307/2346101}
}

@article{Benjamini-2010,
 doi       = {10.1002/bimj.200900299},
 title     = {Simultaneous and selective inference: Current successes and future challenges},
 author    = {Yoav Benjamini},
 publisher = {John Wiley and Sons},
 journal   = {Biometrical Journal},
 issn      = {0323-3847,1521-4036},
 year      = {2010},
 volume    = {52},
 issue     = {6},
 pages     = {708--721},
 url       = {http://doi.org/10.1002/bimj.200900299}
}

@book{Sandrine,
   title =     {Multiple testing procedures with applications to genomics},
   author =    {Sandrine Dudoit, Mark J. van der Laan},
   publisher = {Springer},
   isbn =      {0387493166,9780387493169,9780387493176},
   year =      {2008},
   series =    {Springer series in statistics},
   edition =   {1},
   volume =    {},
   url =       {http://gen.lib.rus.ec/book/index.php?md5=99d9d12eac701e2bff3009b6d6e9b2d0}
}

@Comment{jabref-meta: databaseType:bibtex;}
